@inproceedings{zhou2016learning,
  title={Learning deep features for discriminative localization},
  author={Zhou, Bolei and Khosla, Aditya and Lapedriza, Agata and Oliva, Aude and Torralba, Antonio},
  booktitle={Proceedings of the IEEE conference on computer vision and pattern recognition},
  pages={2921--2929},
  year={2016}
}
@article{selvaraju2016grad,
  title={Grad-CAM: Why did you say that?},
  author={Selvaraju, Ramprasaath R and Das, Abhishek and Vedantam, Ramakrishna and Cogswell, Michael and Parikh, Devi and Batra, Dhruv},
  journal={arXiv preprint arXiv:1611.07450},
  year={2016}
}
@article{lee2021reducing,
  title={Reducing information bottleneck for weakly supervised semantic segmentation},
  author={Lee, Jungbeom and Choi, Jooyoung and Mok, Jisoo and Yoon, Sungroh},
  journal={Advances in Neural Information Processing Systems},
  volume={34},
  pages={27408--27421},
  year={2021}
}
@inproceedings{li2018tell,
  title={Tell me where to look: Guided attention inference network},
  author={Li, Kunpeng and Wu, Ziyan and Peng, Kuan-Chuan and Ernst, Jan and Fu, Yun},
  booktitle={Proceedings of the IEEE conference on computer vision and pattern recognition},
  pages={9215--9223},
  year={2018}
}
@article{hou2018self,
  title={Self-erasing network for integral object attention},
  author={Hou, Qibin and Jiang, PengTao and Wei, Yunchao and Cheng, Ming-Ming},
  journal={Advances in Neural Information Processing Systems},
  volume={31},
  year={2018}
}
@article{simonyan2013deep,
  title={Deep inside convolutional networks: Visualising image classification models and saliency maps},
  author={Simonyan, Karen and Vedaldi, Andrea and Zisserman, Andrew},
  journal={arXiv preprint arXiv:1312.6034},
  year={2013}
}
@article{baehrens2010explain,
  title={How to explain individual classification decisions},
  author={Baehrens, David and Schroeter, Timon and Harmeling, Stefan and Kawanabe, Motoaki and Hansen, Katja and M{\"u}ller, Klaus-Robert},
  journal={The Journal of Machine Learning Research},
  volume={11},
  pages={1803--1831},
  year={2010},
  publisher={JMLR. org}
}
@article{pathak2014fully,
  title={Fully convolutional multi-class multiple instance learning},
  author={Pathak, Deepak and Shelhamer, Evan and Long, Jonathan and Darrell, Trevor},
  journal={arXiv preprint arXiv:1412.7144},
  year={2014}
}
@inproceedings{pinheiro2015image,
  title={From image-level to pixel-level labeling with convolutional networks},
  author={Pinheiro, Pedro O and Collobert, Ronan},
  booktitle={Proceedings of the IEEE conference on computer vision and pattern recognition},
  pages={1713--1721},
  year={2015}
}
@inproceedings{papandreou2015weakly,
  title={Weakly-and semi-supervised learning of a deep convolutional network for semantic image segmentation},
  author={Papandreou, George and Chen, Liang-Chieh and Murphy, Kevin P and Yuille, Alan L},
  booktitle={Proceedings of the IEEE international conference on computer vision},
  pages={1742--1750},
  year={2015}
}
@inproceedings{lin2016scribblesup,
  title={Scribblesup: Scribble-supervised convolutional networks for semantic segmentation},
  author={Lin, Di and Dai, Jifeng and Jia, Jiaya and He, Kaiming and Sun, Jian},
  booktitle={Proceedings of the IEEE conference on computer vision and pattern recognition},
  pages={3159--3167},
  year={2016}
}
@inproceedings{zhang2017split,
  title={Split-brain autoencoders: Unsupervised learning by cross-channel prediction},
  author={Zhang, Richard and Isola, Phillip and Efros, Alexei A},
  booktitle={Proceedings of the IEEE conference on computer vision and pattern recognition},
  pages={1058--1067},
  year={2017}
}
@inproceedings{pathak2017learning,
  title={Learning features by watching objects move},
  author={Pathak, Deepak and Girshick, Ross and Doll{\'a}r, Piotr and Darrell, Trevor and Hariharan, Bharath},
  booktitle={Proceedings of the IEEE conference on computer vision and pattern recognition},
  pages={2701--2710},
  year={2017}
}