@inproceedings{lee2021anti,
  title={Anti-adversarially manipulated attributions for weakly and semi-supervised semantic segmentation},
  author={Lee, Jungbeom and Kim, Eunji and Yoon, Sungroh},
  booktitle={Proceedings of the IEEE/CVF Conference on Computer Vision and Pattern Recognition},
  pages={4071--4080},
  year={2021}
}